<?xml version="1.0" encoding="UTF-8"?><marc:collection xmlns:marc="http://www.loc.gov/MARC21/slim">
  <marc:record>
    <marc:leader>00609nam a2200193Ia 4500</marc:leader>
    <marc:controlfield tag="008">220106s9999||||xx |||||||||||||| ||und||</marc:controlfield>
    <marc:datafield tag="041" ind1="0" ind2=" ">
      <marc:subfield code="a">english</marc:subfield>
    </marc:datafield>
    <marc:datafield tag="245" ind1="1" ind2="0">
      <marc:subfield code="a">he destiny of kibbutz industry in Israel: From family businesses to cash mergers</marc:subfield>
    </marc:datafield>
    <marc:datafield tag="260" ind1=" " ind2=" ">
      <marc:subfield code="c">2022</marc:subfield>
    </marc:datafield>
    <marc:datafield tag="300" ind1=" " ind2=" ">
      <marc:subfield code="a">אין</marc:subfield>
    </marc:datafield>
    <marc:datafield tag="100" ind1="1" ind2=" ">
      <marc:subfield code="a">Achouch, Yuval</marc:subfield>
    </marc:datafield>
    <marc:datafield tag="999" ind1=" " ind2=" ">
      <marc:subfield code="a">ARTICLE</marc:subfield>
    </marc:datafield>
    <marc:datafield tag="773" ind1="0" ind2=" ">
      <marc:subfield code="t">Journal of Co-operative Organization and Management 10 (2022)</marc:subfield>
    </marc:datafield>
    <marc:datafield tag="650" ind1=" " ind2="7">
      <marc:subfield code="a">Industry</marc:subfield>
    </marc:datafield>
    <marc:datafield tag="650" ind1=" " ind2="7">
      <marc:subfield code="a">Business ownership</marc:subfield>
    </marc:datafield>
    <marc:datafield tag="650" ind1=" " ind2="7">
      <marc:subfield code="a"> Business management</marc:subfield>
    </marc:datafield>
    <marc:datafield tag="650" ind1=" " ind2="7">
      <marc:subfield code="a">Family business</marc:subfield>
    </marc:datafield>
    <marc:datafield tag="917" ind1=" " ind2=" ">
      <marc:subfield code="a">חנה</marc:subfield>
    </marc:datafield>
  </marc:record>