
  <marc:record>
    <marc:leader>00609nam a2200193Ia 4500</marc:leader>
    <marc:controlfield tag="008">220106s9999||||xx |||||||||||||| ||und||</marc:controlfield>
    <marc:datafield tag="041" ind1="0" ind2=" ">
      <marc:subfield code="a">עברית</marc:subfield>
    </marc:datafield>
    <marc:datafield tag="245" ind1="1" ind2="0">
      <marc:subfield code="a">בדרכן: נשות עין חרוד  1948-1921</marc:subfield>
    </marc:datafield>
    <marc:datafield tag="260" ind1=" " ind2=" ">
      <marc:subfield code="b"> אוניברסיטת בן גוריון בנגב. מכון בן גוריון לחקר ישראל, הציונות ומורשת בן גוריון,   יד טבנקין</marc:subfield>
      <marc:subfield code="c">2019</marc:subfield>
    </marc:datafield>
    <marc:datafield tag="300" ind1=" " ind2=" ">
      <marc:subfield code="a">358</marc:subfield>
    </marc:datafield>
    <marc:datafield tag="100" ind1="1" ind2=" ">
      <marc:subfield code="a">קמינסקי, תמר</marc:subfield>
    </marc:datafield>
    <marc:datafield tag="999" ind1=" " ind2=" ">
      <marc:subfield code="a">BOOK</marc:subfield>
    </marc:datafield>
    <marc:datafield tag="650" ind1=" " ind2="7">
      <marc:subfield code="a">History</marc:subfield>
    </marc:datafield>
    <marc:datafield tag="650" ind1=" " ind2="7">
      <marc:subfield code="a">Women</marc:subfield>
    </marc:datafield>
    <marc:datafield tag="650" ind1=" " ind2="7">
      <marc:subfield code="a">Ein Harod</marc:subfield>
    </marc:datafield>
    <marc:datafield tag="650" ind1=" " ind2="7">
      <marc:subfield code="a">Particular Kibbutz</marc:subfield>
    </marc:datafield>
    <marc:datafield tag="917" ind1=" " ind2=" ">
      <marc:subfield code="a">חנה</marc:subfield>
    </marc:datafield>
  </marc:record>