
  <marc:record>
    <marc:leader>00609nam a2200193Ia 4500</marc:leader>
    <marc:controlfield tag="008">220106s9999||||xx |||||||||||||| ||und||</marc:controlfield>
    <marc:datafield tag="041" ind1="0" ind2=" ">
      <marc:subfield code="a">עברית</marc:subfield>
    </marc:datafield>
    <marc:datafield tag="245" ind1="1" ind2="0">
      <marc:subfield code="a">מסע סוער : הקיבוץ 1932-1954</marc:subfield>
    </marc:datafield>
    <marc:datafield tag="260" ind1=" " ind2=" ">
      <marc:subfield code="b">בני ברק : הקבוץ המאוחד וספרית פועלים</marc:subfield>
      <marc:subfield code="c">2021</marc:subfield>
    </marc:datafield>
    <marc:datafield tag="300" ind1=" " ind2=" ">
      <marc:subfield code="a">278</marc:subfield>
    </marc:datafield>
    <marc:datafield tag="100" ind1="1" ind2=" ">
      <marc:subfield code="a">צור, מוקי</marc:subfield>
    </marc:datafield>
    <marc:datafield tag="700" ind1="1" ind2=" ">
      <marc:subfield code="a">עמית, חנה </marc:subfield>
    </marc:datafield>
    <marc:datafield tag="999" ind1=" " ind2=" ">
      <marc:subfield code="a">BOOK</marc:subfield>
    </marc:datafield>
    <marc:datafield tag="650" ind1=" " ind2="7">
      <marc:subfield code="a">History</marc:subfield>
    </marc:datafield>
    <marc:datafield tag="650" ind1=" " ind2="7">
      <marc:subfield code="a">Land settlement</marc:subfield>
    </marc:datafield>
    <marc:datafield tag="917" ind1=" " ind2=" ">
      <marc:subfield code="a">חנה</marc:subfield>
    </marc:datafield>
  </marc:record>