
  <marc:record>
    <marc:leader>00609nam a2200193Ia 4500</marc:leader>
    <marc:controlfield tag="008">220106s9999||||xx |||||||||||||| ||und||</marc:controlfield>
    <marc:datafield tag="041" ind1="0" ind2=" ">
      <marc:subfield code="a">עברית</marc:subfield>
    </marc:datafield>
    <marc:datafield tag="245" ind1="1" ind2="0">
      <marc:subfield code="a">מבט עכשווי על הגן הקיבוצי : תיאוריה, המלצות ופרקטיקה : תו התקן למערכות חינוך קיבוציות בגיל הרך </marc:subfield>
    </marc:datafield>
    <marc:datafield tag="260" ind1=" " ind2=" ">
      <marc:subfield code="b"> ישראל : הקיבוץ המאוחד</marc:subfield>
      <marc:subfield code="c">2021</marc:subfield>
    </marc:datafield>
    <marc:datafield tag="300" ind1=" " ind2=" ">
      <marc:subfield code="a">114</marc:subfield>
    </marc:datafield>
    <marc:datafield tag="100" ind1="1" ind2=" ">
      <marc:subfield code="a">צור ברוש, נועה</marc:subfield>
    </marc:datafield>
    <marc:datafield tag="700" ind1="1" ind2=" ">
      <marc:subfield code="a">בן ארי ענת</marc:subfield>
    </marc:datafield>
    <marc:datafield tag="999" ind1=" " ind2=" ">
      <marc:subfield code="a">BOOK</marc:subfield>
    </marc:datafield>
    <marc:datafield tag="650" ind1=" " ind2="7">
      <marc:subfield code="a">Kindergarten</marc:subfield>
    </marc:datafield>
    <marc:datafield tag="650" ind1=" " ind2="7">
      <marc:subfield code="a">Education</marc:subfield>
    </marc:datafield>
    <marc:datafield tag="650" ind1=" " ind2="7">
      <marc:subfield code="a">Collective education</marc:subfield>
    </marc:datafield>
    <marc:datafield tag="500" ind1=" " ind2=" ">
      <marc:subfield code="a">LB1438.I8 T78 2021</marc:subfield>
    </marc:datafield>
    <marc:datafield tag="917" ind1=" " ind2=" ">
      <marc:subfield code="a">חנה</marc:subfield>
    </marc:datafield>
  </marc:record>
</marc:collection>
